@article{Babu,
  title={TITLENAME},
  author={AUTHORNAME},
  journal={JOURNALNAME},
  volume={4},
  number={12},
  pages={354--357},
  year={2017}
}


@article{Baramidze,
  title={LaTeX for technical writing},
  author={Baramidze, Victoria},
  journal={Journal of Technical Science and Technologies},
  volume={5},
  number={2},
  pages={45--48},
  year={2013}
}