@article{first1,
  title={title_name},
  author={author_name},
  journal={journal_name},
  volume={4},
  number={12},
  pages={354--357},
  year={2017}
}